@ARTICLE{Frankel+2018,
       author = {{Frankel}, Neige and {Rix}, Hans-Walter and {Ting}, Yuan-Sen and
         {Ness}, Melissa and {Hogg}, David W.},
        title = "{Measuring Radial Orbit Migration in the Galactic Disk}",
      journal = {\apj},
     keywords = {Galaxy: abundances, Galaxy: disk, Galaxy: evolution, Galaxy: formation, ISM: abundances, stars: abundances, Astrophysics - Astrophysics of Galaxies},
         year = 2018,
        month = oct,
       volume = {865},
       number = {2},
          eid = {96},
        pages = {96},
          doi = {10.3847/1538-4357/aadba5},
archivePrefix = {arXiv},
       eprint = {1805.09198},
 primaryClass = {astro-ph.GA},
       adsurl = {https://ui.adsabs.harvard.edu/abs/2018ApJ...865...96F},
      adsnote = {Provided by the SAO/NASA Astrophysics Data System}
}

@ARTICLE{McMillan2017,
       author = {{McMillan}, Paul J.},
        title = "{The mass distribution and gravitational potential of the Milky Way}",
      journal = {\mnras},
     keywords = {methods: statistical, Galaxy: fundamental parameters, Galaxy: kinematics and dynamics, Galaxy: structure, Astrophysics - Astrophysics of Galaxies},
         year = 2017,
        month = feb,
       volume = {465},
       number = {1},
        pages = {76-94},
          doi = {10.1093/mnras/stw2759},
archivePrefix = {arXiv},
       eprint = {1608.00971},
 primaryClass = {astro-ph.GA},
       adsurl = {https://ui.adsabs.harvard.edu/abs/2017MNRAS.465...76M},
      adsnote = {Provided by the SAO/NASA Astrophysics Data System}
}

@ARTICLE{Irrgang+2013,
       author = {{Irrgang}, A. and {Wilcox}, B. and {Tucker}, E. and {Schiefelbein}, L.},
        title = "{Milky Way mass models for orbit calculations}",
      journal = {\aap},
     keywords = {dark matter, Galaxy: fundamental parameters, Galaxy: halo, Galaxy: kinematics and dynamics, Galaxy: structure, stars: kinematics and dynamics, Astrophysics - Astrophysics of Galaxies},
         year = 2013,
        month = jan,
       volume = {549},
          eid = {A137},
        pages = {A137},
          doi = {10.1051/0004-6361/201220540},
archivePrefix = {arXiv},
       eprint = {1211.4353},
 primaryClass = {astro-ph.GA},
       adsurl = {https://ui.adsabs.harvard.edu/abs/2013A&A...549A.137I},
      adsnote = {Provided by the SAO/NASA Astrophysics Data System}
}

@ARTICLE{Sellwood&Binney2002,
       author = {{Sellwood}, J.~A. and {Binney}, J.~J.},
        title = "{Radial mixing in galactic discs}",
      journal = {\mnras},
     keywords = {ISM: abundances, Galaxy: abundances, Galaxy: kinematics and dynamics, galaxies: evolution, galaxies: ISM, galaxies: structure, Astrophysics},
         year = 2002,
        month = nov,
       volume = {336},
       number = {3},
        pages = {785-796},
          doi = {10.1046/j.1365-8711.2002.05806.x},
archivePrefix = {arXiv},
       eprint = {astro-ph/0203510},
 primaryClass = {astro-ph},
       adsurl = {https://ui.adsabs.harvard.edu/abs/2002MNRAS.336..785S},
      adsnote = {Provided by the SAO/NASA Astrophysics Data System}
}

@ARTICLE{Bovy2015,
       author = {{Bovy}, Jo},
        title = "{galpy: A python Library for Galactic Dynamics}",
      journal = {\apjs},
     keywords = {galaxies: general, galaxies: kinematics and dynamics, Galaxy: fundamental parameters, Astrophysics - Astrophysics of Galaxies, Astrophysics - Instrumentation and Methods for Astrophysics},
         year = 2015,
        month = feb,
       volume = {216},
       number = {2},
          eid = {29},
        pages = {29},
          doi = {10.1088/0067-0049/216/2/29},
archivePrefix = {arXiv},
       eprint = {1412.3451},
 primaryClass = {astro-ph.GA},
       adsurl = {https://ui.adsabs.harvard.edu/abs/2015ApJS..216...29B},
      adsnote = {Provided by the SAO/NASA Astrophysics Data System}
}

@ARTICLE{Broekgaarden+2021,
    author = {{Broekgaarden}, Floor and x and y},
    title = "{Predictions for gravitational-wave observations from BHNS mergers}",
    journal = "{In prep}",
    year = "{2021}"
}

@ARTICLE{Sanders&Binney2014,
       author = {{Sanders}, Jason L. and {Binney}, James},
        title = "{Actions, angles and frequencies for numerically integrated orbits}",
      journal = {\mnras},
     keywords = {methods: numerical, Galaxy: kinematics and dynamics, galaxies: kinematics and dynamics, Astrophysics - Astrophysics of Galaxies},
         year = 2014,
        month = jul,
       volume = {441},
       number = {4},
        pages = {3284-3295},
          doi = {10.1093/mnras/stu796},
archivePrefix = {arXiv},
       eprint = {1401.3600},
 primaryClass = {astro-ph.GA},
       adsurl = {https://ui.adsabs.harvard.edu/abs/2014MNRAS.441.3284S},
      adsnote = {Provided by the SAO/NASA Astrophysics Data System}
}

@ARTICLE{Barack&Cutler2004,
       author = {{Barack}, Leor and {Cutler}, Curt},
        title = "{LISA capture sources: Approximate waveforms, signal-to-noise ratios, and parameter estimation accuracy}",
      journal = {\prd},
     keywords = {04.80.Nn, 04.25.Nx, 04.30.Db, 04.80.Cc, Gravitational wave detectors and experiments, Post-Newtonian approximation, perturbation theory, related approximations, Wave generation and sources, Experimental tests of gravitational theories, General Relativity and Quantum Cosmology, Astrophysics},
         year = 2004,
        month = apr,
       volume = {69},
       number = {8},
          eid = {082005},
        pages = {082005},
          doi = {10.1103/PhysRevD.69.082005},
archivePrefix = {arXiv},
       eprint = {gr-qc/0310125},
 primaryClass = {gr-qc},
       adsurl = {https://ui.adsabs.harvard.edu/abs/2004PhRvD..69h2005B},
      adsnote = {Provided by the SAO/NASA Astrophysics Data System}
}

@ARTICLE{Finn&Thorne2000,
       author = {{Finn}, Lee Samuel and {Thorne}, Kip S.},
        title = "{Gravitational waves from a compact star in a circular, inspiral orbit, in the equatorial plane of a massive, spinning black hole, as observed by LISA}",
      journal = {\prd},
     keywords = {04.30.Db, 04.80.Nn, 97.60.Lf, Wave generation and sources, Gravitational wave detectors and experiments, Black holes, General Relativity and Quantum Cosmology},
         year = 2000,
        month = dec,
       volume = {62},
       number = {12},
          eid = {124021},
        pages = {124021},
          doi = {10.1103/PhysRevD.62.124021},
archivePrefix = {arXiv},
       eprint = {gr-qc/0007074},
 primaryClass = {gr-qc},
       adsurl = {https://ui.adsabs.harvard.edu/abs/2000PhRvD..62l4021F},
      adsnote = {Provided by the SAO/NASA Astrophysics Data System}
}

@ARTICLE{Peters1963,
       author = {{Peters}, P.~C. and {Mathews}, J.},
        title = "{Gravitational Radiation from Point Masses in a Keplerian Orbit}",
      journal = {Physical Review},
         year = 1963,
        month = jul,
       volume = {131},
       number = {1},
        pages = {435-440},
          doi = {10.1103/PhysRev.131.435},
       adsurl = {https://ui.adsabs.harvard.edu/abs/1963PhRv..131..435P},
      adsnote = {Provided by the SAO/NASA Astrophysics Data System}
}

@ARTICLE{Robson+2019,
       author = {{Robson}, Travis and {Cornish}, Neil J. and {Liu}, Chang},
        title = "{The construction and use of LISA sensitivity curves}",
      journal = {Classical and Quantum Gravity},
     keywords = {Astrophysics - High Energy Astrophysical Phenomena, General Relativity and Quantum Cosmology},
         year = 2019,
        month = may,
       volume = {36},
       number = {10},
          eid = {105011},
        pages = {105011},
          doi = {10.1088/1361-6382/ab1101},
archivePrefix = {arXiv},
       eprint = {1803.01944},
 primaryClass = {astro-ph.HE},
       adsurl = {https://ui.adsabs.harvard.edu/abs/2019CQGra..36j5011R},
      adsnote = {Provided by the SAO/NASA Astrophysics Data System}
}

@ARTICLE{Korol+2020,
       author = {{Korol}, V. and {Toonen}, S. and {Klein}, A. and {Belokurov}, V. and
         {Vincenzo}, F. and {Buscicchio}, R. and {Gerosa}, D. and
         {Moore}, C.~J. and {Roebber}, E. and {Rossi}, E.~M. and {Vecchio}, A.},
        title = "{Populations of double white dwarfs in Milky Way satellites and their detectability with LISA}",
      journal = {\aap},
     keywords = {gravitational waves, binaries: close, white dwarfs, galaxies: dwarf, Local Group, Magellanic Clouds, Astrophysics - Astrophysics of Galaxies, Astrophysics - High Energy Astrophysical Phenomena, Astrophysics - Solar and Stellar Astrophysics, General Relativity and Quantum Cosmology},
         year = 2020,
        month = jun,
       volume = {638},
          eid = {A153},
        pages = {A153},
          doi = {10.1051/0004-6361/202037764},
archivePrefix = {arXiv},
       eprint = {2002.10462},
 primaryClass = {astro-ph.GA},
       adsurl = {https://ui.adsabs.harvard.edu/abs/2020A&A...638A.153K},
      adsnote = {Provided by the SAO/NASA Astrophysics Data System}
}

@ARTICLE{Licquia&Newman2014,
       author = {{Licquia}, Timothy C. and {Newman}, Jeffrey A.},
        title = "{Improved Estimates of the Milky Way's Stellar Mass and Star Formation Rate from Hierarchical Bayesian Meta-Analysis}",
      journal = {\apj},
     keywords = {Galaxy: bulge, Galaxy: disk, Galaxy: fundamental parameters, Galaxy: stellar content, methods: statistical, stars: formation, Astrophysics - Astrophysics of Galaxies},
         year = 2015,
        month = jun,
       volume = {806},
       number = {1},
          eid = {96},
        pages = {96},
          doi = {10.1088/0004-637X/806/1/96},
archivePrefix = {arXiv},
       eprint = {1407.1078},
 primaryClass = {astro-ph.GA},
       adsurl = {https://ui.adsabs.harvard.edu/abs/2015ApJ...806...96L},
      adsnote = {Provided by the SAO/NASA Astrophysics Data System}
}

@ARTICLE{APOGEE,
       author = {{Majewski}, Steven R. and {Schiavon}, Ricardo P. and {Frinchaboy}, Peter M. and {Allende Prieto}, Carlos and {Barkhouser}, Robert and {Bizyaev}, Dmitry and {Blank}, Basil and {Brunner}, Sophia and {Burton}, Adam and {Carrera}, Ricardo and {Chojnowski}, S. Drew and {Cunha}, K{\'a}tia and {Epstein}, Courtney and {Fitzgerald}, Greg and {Garc{\'\i}a P{\'e}rez}, Ana E. and {Hearty}, Fred R. and {Henderson}, Chuck and {Holtzman}, Jon A. and {Johnson}, Jennifer A. and {Lam}, Charles R. and {Lawler}, James E. and {Maseman}, Paul and {M{\'e}sz{\'a}ros}, Szabolcs and {Nelson}, Matthew and {Nguyen}, Duy Coung and {Nidever}, David L. and {Pinsonneault}, Marc and {Shetrone}, Matthew and {Smee}, Stephen and {Smith}, Verne V. and {Stolberg}, Todd and {Skrutskie}, Michael F. and {Walker}, Eric and {Wilson}, John C. and {Zasowski}, Gail and {Anders}, Friedrich and {Basu}, Sarbani and {Beland}, Stephane and {Blanton}, Michael R. and {Bovy}, Jo and {Brownstein}, Joel R. and {Carlberg}, Joleen and {Chaplin}, William and {Chiappini}, Cristina and {Eisenstein}, Daniel J. and {Elsworth}, Yvonne and {Feuillet}, Diane and {Fleming}, Scott W. and {Galbraith-Frew}, Jessica and {Garc{\'\i}a}, Rafael A. and {Garc{\'\i}a-Hern{\'a}ndez}, D. An{\'\i}bal and {Gillespie}, Bruce A. and {Girardi}, L{\'e}o and {Gunn}, James E. and {Hasselquist}, Sten and {Hayden}, Michael R. and {Hekker}, Saskia and {Ivans}, Inese and {Kinemuchi}, Karen and {Klaene}, Mark and {Mahadevan}, Suvrath and {Mathur}, Savita and {Mosser}, Beno{\^\i}t and {Muna}, Demitri and {Munn}, Jeffrey A. and {Nichol}, Robert C. and {O'Connell}, Robert W. and {Parejko}, John K. and {Robin}, A.~C. and {Rocha-Pinto}, Helio and {Schultheis}, Matthias and {Serenelli}, Aldo M. and {Shane}, Neville and {Silva Aguirre}, Victor and {Sobeck}, Jennifer S. and {Thompson}, Benjamin and {Troup}, Nicholas W. and {Weinberg}, David H. and {Zamora}, Olga},
        title = "{The Apache Point Observatory Galactic Evolution Experiment (APOGEE)}",
      journal = {\aj},
     keywords = {Galaxy: abundances, Galaxy: evolution, Galaxy: formation, Galaxy: kinematics and dynamics, Galaxy: stellar content, Galaxy: structure, Astrophysics - Instrumentation and Methods for Astrophysics, Astrophysics - Astrophysics of Galaxies},
         year = 2017,
        month = sep,
       volume = {154},
       number = {3},
          eid = {94},
        pages = {94},
          doi = {10.3847/1538-3881/aa784d},
archivePrefix = {arXiv},
       eprint = {1509.05420},
 primaryClass = {astro-ph.IM},
       adsurl = {https://ui.adsabs.harvard.edu/abs/2017AJ....154...94M},
      adsnote = {Provided by the SAO/NASA Astrophysics Data System}
}

@ARTICLE{Vinciguerra+2020,
       author = {{Vinciguerra}, Serena and {Neijssel}, Coenraad J. and {Vigna-G{\'o}mez}, Alejandro and {Mandel}, Ilya and {Podsiadlowski}, Philipp and {Maccarone}, Thomas J. and {Nicholl}, Matt and {Kingdon}, Samuel and {Perry}, Alice and {Salemi}, Francesco},
        title = "{Be X-ray binaries in the SMC as indicators of mass-transfer efficiency}",
      journal = {\mnras},
     keywords = {X-rays: binaries, stars: emission-line, Be, stars: neutron, stars: evolution, gravitational waves, methods: data analysis, Astrophysics - High Energy Astrophysical Phenomena, Astrophysics - Solar and Stellar Astrophysics},
         year = 2020,
        month = sep,
       volume = {498},
       number = {4},
        pages = {4705-4720},
          doi = {10.1093/mnras/staa2177},
archivePrefix = {arXiv},
       eprint = {2003.00195},
 primaryClass = {astro-ph.HE},
       adsurl = {https://ui.adsabs.harvard.edu/abs/2020MNRAS.498.4705V},
      adsnote = {Provided by the SAO/NASA Astrophysics Data System}
}

@ARTICLE{Bhattacharya+1991,
       author = {{Bhattacharya}, D. and {van den Heuvel}, E.~P.~J.},
        title = "{Formation and evolution of binary and millisecond radio pulsars}",
      journal = {\physrep},
         year = 1991,
        month = jan,
       volume = {203},
       number = {1-2},
        pages = {1-124},
          doi = {10.1016/0370-1573(91)90064-S},
       adsurl = {https://ui.adsabs.harvard.edu/abs/1991PhR...203....1B},
      adsnote = {Provided by the SAO/NASA Astrophysics Data System}
}

@ARTICLE{Taam&Sandquist2000,
       author = {{Taam}, Ronald E. and {Sandquist}, Eric L.},
        title = "{Common Envelope Evolution of Massive Binary Stars}",
      journal = {\araa},
     keywords = {LOOSE BINARIES, HYDRODYNAMICS},
         year = 2000,
        month = jan,
       volume = {38},
        pages = {113-141},
          doi = {10.1146/annurev.astro.38.1.113},
       adsurl = {https://ui.adsabs.harvard.edu/abs/2000ARA&A..38..113T},
      adsnote = {Provided by the SAO/NASA Astrophysics Data System}
}

@ARTICLE{Lau+2020,
       author = {{Lau}, Mike Y.~M. and {Mandel}, Ilya and {Vigna-G{\'o}mez}, Alejandro and {Neijssel}, Coenraad J. and {Stevenson}, Simon and {Sesana}, Alberto},
        title = "{Detecting double neutron stars with LISA}",
      journal = {\mnras},
     keywords = {gravitational waves, binaries: close, Astrophysics - High Energy Astrophysical Phenomena, Astrophysics - Solar and Stellar Astrophysics, General Relativity and Quantum Cosmology},
         year = 2020,
        month = mar,
       volume = {492},
       number = {3},
        pages = {3061-3072},
          doi = {10.1093/mnras/staa002},
archivePrefix = {arXiv},
       eprint = {1910.12422},
 primaryClass = {astro-ph.HE},
       adsurl = {https://ui.adsabs.harvard.edu/abs/2020MNRAS.492.3061L},
      adsnote = {Provided by the SAO/NASA Astrophysics Data System}
}

@ARTICLE{Timmes+1996,
       author = {{Timmes}, F.~X. and {Woosley}, S.~E. and {Hartmann}, D.~H. and {Hoffman}, R.~D.},
        title = "{The Production of 44Ti and 60Co in Supernovae}",
      journal = {\apj},
     keywords = {GAMMA RAYS: OBSERVATIONS, NUCLEAR REACTIONS, NUCLEOSYNTHESIS, ABUNDANCES, STARS: SUPERNOVAE: GENERAL, Astrophysics},
         year = 1996,
        month = jun,
       volume = {464},
        pages = {332},
          doi = {10.1086/177323},
archivePrefix = {arXiv},
       eprint = {astro-ph/9511142},
 primaryClass = {astro-ph},
       adsurl = {https://ui.adsabs.harvard.edu/abs/1996ApJ...464..332T},
      adsnote = {Provided by the SAO/NASA Astrophysics Data System}
}

@ARTICLE{Wongwathanarat+2013,
       author = {{Wongwathanarat}, A. and {Janka}, H. -Th. and {M{\"u}ller}, E.},
        title = "{Three-dimensional neutrino-driven supernovae: Neutron star kicks, spins, and asymmetric ejection of nucleosynthesis products}",
      journal = {\aap},
     keywords = {supernovae: general, stars: neutron, pulsars: general, hydrodynamics, neutrinos, Astrophysics - High Energy Astrophysical Phenomena, High Energy Physics - Phenomenology},
         year = 2013,
        month = apr,
       volume = {552},
          eid = {A126},
        pages = {A126},
          doi = {10.1051/0004-6361/201220636},
archivePrefix = {arXiv},
       eprint = {1210.8148},
 primaryClass = {astro-ph.HE},
       adsurl = {https://ui.adsabs.harvard.edu/abs/2013A&A...552A.126W},
      adsnote = {Provided by the SAO/NASA Astrophysics Data System}
}

@ARTICLE{Fryer+2015,
       author = {{Fryer}, Chris L. and {Belczynski}, Krzysztoff and {Ramirez-Ruiz}, Enrico and {Rosswog}, Stephan and {Shen}, Gang and {Steiner}, Andrew W.},
        title = "{The Fate of the Compact Remnant in Neutron Star Mergers}",
      journal = {\apj},
     keywords = {gamma-ray burst: general, stars: neutron, Astrophysics - High Energy Astrophysical Phenomena, General Relativity and Quantum Cosmology, Nuclear Theory},
         year = 2015,
        month = oct,
       volume = {812},
       number = {1},
          eid = {24},
        pages = {24},
          doi = {10.1088/0004-637X/812/1/24},
archivePrefix = {arXiv},
       eprint = {1504.07605},
 primaryClass = {astro-ph.HE},
       adsurl = {https://ui.adsabs.harvard.edu/abs/2015ApJ...812...24F},
      adsnote = {Provided by the SAO/NASA Astrophysics Data System}
}

@ARTICLE{Lawrence+2015,
       author = {{Lawrence}, Scott and {Tervala}, Justin G. and {Bedaque}, Paulo F. and {Miller}, M. Coleman},
        title = "{An Upper Bound on Neutron Star Masses from Models of Short Gamma-Ray Bursts}",
      journal = {\apj},
     keywords = {dense matter, equation of state, gamma-ray burst: general, gravitational waves, stars: neutron, Astrophysics - High Energy Astrophysical Phenomena},
         year = 2015,
        month = aug,
       volume = {808},
       number = {2},
          eid = {186},
        pages = {186},
          doi = {10.1088/0004-637X/808/2/186},
archivePrefix = {arXiv},
       eprint = {1505.00231},
 primaryClass = {astro-ph.HE},
       adsurl = {https://ui.adsabs.harvard.edu/abs/2015ApJ...808..186L},
      adsnote = {Provided by the SAO/NASA Astrophysics Data System}
}

@ARTICLE{Margalit&Metzger2017,
       author = {{Margalit}, Ben and {Metzger}, Brian D.},
        title = "{Constraining the Maximum Mass of Neutron Stars from Multi-messenger Observations of GW170817}",
      journal = {\apjl},
     keywords = {equation of state, gravitational waves, stars: neutron, Astrophysics - High Energy Astrophysical Phenomena},
         year = 2017,
        month = dec,
       volume = {850},
       number = {2},
          eid = {L19},
        pages = {L19},
          doi = {10.3847/2041-8213/aa991c},
archivePrefix = {arXiv},
       eprint = {1710.05938},
 primaryClass = {astro-ph.HE},
       adsurl = {https://ui.adsabs.harvard.edu/abs/2017ApJ...850L..19M},
      adsnote = {Provided by the SAO/NASA Astrophysics Data System}
}

@ARTICLE{Alsing+2018,
       author = {{Alsing}, Justin and {Silva}, Hector O. and {Berti}, Emanuele},
        title = "{Evidence for a maximum mass cut-off in the neutron star mass distribution and constraints on the equation of state}",
      journal = {\mnras},
     keywords = {equation of state, stars: neutron, Astrophysics - High Energy Astrophysical Phenomena, General Relativity and Quantum Cosmology, Nuclear Theory},
         year = 2018,
        month = jul,
       volume = {478},
       number = {1},
        pages = {1377-1391},
          doi = {10.1093/mnras/sty1065},
archivePrefix = {arXiv},
       eprint = {1709.07889},
 primaryClass = {astro-ph.HE},
       adsurl = {https://ui.adsabs.harvard.edu/abs/2018MNRAS.478.1377A},
      adsnote = {Provided by the SAO/NASA Astrophysics Data System}
}

@ARTICLE{Abbott+2020_maxNS,
       author = {{Abbott}, B.~P. and {Abbott}, R. and {Abbott}, T.~D. and {(The LIGO Scientific Collaboration} and {Virgo Collaboration)}},
        title = "{Model comparison from LIGO-Virgo data on GW170817's binary components and consequences for the merger remnant}",
      journal = {Classical and Quantum Gravity},
     keywords = {neutron stars, neutron star equation of state, gravitational wave astronomy, compact object mergers, General Relativity and Quantum Cosmology, Astrophysics - High Energy Astrophysical Phenomena},
         year = 2020,
        month = feb,
       volume = {37},
       number = {4},
          eid = {045006},
        pages = {045006},
          doi = {10.1088/1361-6382/ab5f7c},
archivePrefix = {arXiv},
       eprint = {1908.01012},
 primaryClass = {gr-qc},
       adsurl = {https://ui.adsabs.harvard.edu/abs/2020CQGra..37d5006A},
      adsnote = {Provided by the SAO/NASA Astrophysics Data System}
}

@ARTICLE{Maeder+1992,
       author = {{Maeder}, Andre},
        title = "{Stellar yields as a function of initial metallicity and mass limit for black hole formation}",
      journal = {\aap},
     keywords = {Black Holes (Astronomy), Metallicity, Stellar Evolution, Wolf-Rayet Stars, Galactic Evolution, H Ii Regions, Interstellar Chemistry, Stellar Mass, Stellar Mass Ejection, Stellar Models, Stellar Winds, Astrophysics},
         year = 1992,
        month = oct,
       volume = {264},
       number = {1},
        pages = {105-120},
       adsurl = {https://ui.adsabs.harvard.edu/abs/1992A&A...264..105M},
      adsnote = {Provided by the SAO/NASA Astrophysics Data System}
}

@ARTICLE{LIGO_GWTC1,
       author = {{Abbott}, B.~P. and {Abbott}, R. and {Abbott}, T.~D. and {LIGO Scientific Collaboration} and {Virgo Collaboration}},
        title = "{GWTC-1: A Gravitational-Wave Transient Catalog of Compact Binary Mergers Observed by LIGO and Virgo during the First and Second Observing Runs}",
      journal = {Physical Review X},
     keywords = {Astrophysics - High Energy Astrophysical Phenomena, Astrophysics - Cosmology and Nongalactic Astrophysics, General Relativity and Quantum Cosmology},
         year = 2019,
        month = jul,
       volume = {9},
       number = {3},
          eid = {031040},
        pages = {031040},
          doi = {10.1103/PhysRevX.9.031040},
archivePrefix = {arXiv},
       eprint = {1811.12907},
 primaryClass = {astro-ph.HE},
       adsurl = {https://ui.adsabs.harvard.edu/abs/2019PhRvX...9c1040A},
      adsnote = {Provided by the SAO/NASA Astrophysics Data System}
}

@ARTICLE{LIGO_GWTC2,
       author = {{Abbott}, R. and {Abbott}, T.~D. and {Abraham}, S. and {Acernese}, F. and {Ackley}, K. and {Adams}, A.},
        title = "{GWTC-2: Compact Binary Coalescences Observed by LIGO and Virgo During the First Half of the Third Observing Run}",
      journal = {arXiv e-prints},
     keywords = {General Relativity and Quantum Cosmology, Astrophysics - High Energy Astrophysical Phenomena},
         year = 2020,
        month = oct,
          eid = {arXiv:2010.14527},
        pages = {arXiv:2010.14527},
archivePrefix = {arXiv},
       eprint = {2010.14527},
 primaryClass = {gr-qc},
       adsurl = {https://ui.adsabs.harvard.edu/abs/2020arXiv201014527A},
      adsnote = {Provided by the SAO/NASA Astrophysics Data System}
}

@ARTICLE{Gerosa+2019,
       author = {{Gerosa}, Davide and {Ma}, Sizheng and {Wong}, Kaze W.~K. and {Berti}, Emanuele and {O'Shaughnessy}, Richard and {Chen}, Yanbei and {Belczynski}, Krzysztof},
        title = "{Multiband gravitational-wave event rates and stellar physics}",
      journal = {\prd},
     keywords = {Astrophysics - High Energy Astrophysical Phenomena, General Relativity and Quantum Cosmology},
         year = 2019,
        month = may,
       volume = {99},
       number = {10},
          eid = {103004},
        pages = {103004},
          doi = {10.1103/PhysRevD.99.103004},
archivePrefix = {arXiv},
       eprint = {1902.00021},
 primaryClass = {astro-ph.HE},
       adsurl = {https://ui.adsabs.harvard.edu/abs/2019PhRvD..99j3004G},
      adsnote = {Provided by the SAO/NASA Astrophysics Data System}
}

@ARTICLE{LIGO_GW190425,
       author = {{Abbott}, B.~P. and {Abbott}, R. and {Abbott}, T.~D. and {Abraham}, S. and {Acernese}, F. and {Ackley}, K. and {Adams}, C. and {Adhikari}, R.~X. and {Adya}, V.~B. and {Affeldt}, C. and {Agathos}, M.},
        title = "{GW190425: Observation of a Compact Binary Coalescence with Total Mass {\ensuremath{\sim}} 3.4 M$_{☉}$}",
      journal = {\apjl},
     keywords = {1108, 678, Astrophysics - High Energy Astrophysical Phenomena, General Relativity and Quantum Cosmology},
         year = 2020,
        month = mar,
       volume = {892},
       number = {1},
          eid = {L3},
        pages = {L3},
          doi = {10.3847/2041-8213/ab75f5},
archivePrefix = {arXiv},
       eprint = {2001.01761},
 primaryClass = {astro-ph.HE},
       adsurl = {https://ui.adsabs.harvard.edu/abs/2020ApJ...892L...3A},
      adsnote = {Provided by the SAO/NASA Astrophysics Data System}
}

@ARTICLE{Metzger+2017,
       author = {{Metzger}, Brian D.},
        title = "{Kilonovae}",
      journal = {Living Reviews in Relativity},
     keywords = {Gravitational waves, Neutron stars, Nucleosynthesis, Black holes, Radiative transfer, Astrophysics - High Energy Astrophysical Phenomena, General Relativity and Quantum Cosmology},
         year = 2017,
        month = may,
       volume = {20},
       number = {1},
          eid = {3},
        pages = {3},
          doi = {10.1007/s41114-017-0006-z},
archivePrefix = {arXiv},
       eprint = {1610.09381},
 primaryClass = {astro-ph.HE},
       adsurl = {https://ui.adsabs.harvard.edu/abs/2017LRR....20....3M},
      adsnote = {Provided by the SAO/NASA Astrophysics Data System}
}

@ARTICLE{Gompertz+2020,
       author = {{Gompertz}, B.~P. and {Levan}, A.~J. and {Tanvir}, N.~R.},
        title = "{A Search for Neutron Star-Black Hole Binary Mergers in the Short Gamma-Ray Burst Population}",
      journal = {\apj},
     keywords = {Gamma-ray bursts, Compact objects, Black holes, Neutron stars, Transient sources, 629, 288, 162, 1108, 1851, Astrophysics - High Energy Astrophysical Phenomena},
         year = 2020,
        month = may,
       volume = {895},
       number = {1},
          eid = {58},
        pages = {58},
          doi = {10.3847/1538-4357/ab8d24},
archivePrefix = {arXiv},
       eprint = {2001.08706},
 primaryClass = {astro-ph.HE},
       adsurl = {https://ui.adsabs.harvard.edu/abs/2020ApJ...895...58G},
      adsnote = {Provided by the SAO/NASA Astrophysics Data System}
}

@ARTICLE{Feeney+2020,
       author = {{Feeney}, Stephen M. and {Peiris}, Hiranya V. and {Nissanke}, Samaya M. and {Mortlock}, Daniel J.},
        title = "{Prospects for Measuring the Hubble Constant with Neutron-Star-Black-Hole Mergers}",
      journal = {arXiv e-prints},
     keywords = {Astrophysics - Cosmology and Nongalactic Astrophysics},
         year = 2020,
        month = dec,
          eid = {arXiv:2012.06593},
        pages = {arXiv:2012.06593},
archivePrefix = {arXiv},
       eprint = {2012.06593},
 primaryClass = {astro-ph.CO},
       adsurl = {https://ui.adsabs.harvard.edu/abs/2020arXiv201206593F},
      adsnote = {Provided by the SAO/NASA Astrophysics Data System}
}

@ARTICLE{Hotokezaka+2016,
       author = {{Hotokezaka}, K. and {Nissanke}, S. and {Hallinan}, G. and {Lazio}, T.~J.~W. and {Nakar}, E. and {Piran}, T.},
        title = "{Radio Counterparts of Compact Binary Mergers Detectable in Gravitational Waves: A Simulation for an Optimized Survey}",
      journal = {\apj},
     keywords = {gamma-ray burst: general, gravitational waves, radio continuum: stars, stars: neutron, Astrophysics - High Energy Astrophysical Phenomena, General Relativity and Quantum Cosmology},
         year = 2016,
        month = nov,
       volume = {831},
       number = {2},
          eid = {190},
        pages = {190},
          doi = {10.3847/0004-637X/831/2/190},
archivePrefix = {arXiv},
       eprint = {1605.09395},
 primaryClass = {astro-ph.HE},
       adsurl = {https://ui.adsabs.harvard.edu/abs/2016ApJ...831..190H},
      adsnote = {Provided by the SAO/NASA Astrophysics Data System}
}

@ARTICLE{Kyutoku+2018,
       author = {{Kyutoku}, Koutarou and {Kashiyama}, Kazumi},
        title = "{Detectability of thermal neutrinos from binary neutron-star mergers and implications for neutrino physics}",
      journal = {\prd},
     keywords = {Astrophysics - High Energy Astrophysical Phenomena, General Relativity and Quantum Cosmology, High Energy Physics - Phenomenology},
         year = 2018,
        month = may,
       volume = {97},
       number = {10},
          eid = {103001},
        pages = {103001},
          doi = {10.1103/PhysRevD.97.103001},
archivePrefix = {arXiv},
       eprint = {1710.05922},
 primaryClass = {astro-ph.HE},
       adsurl = {https://ui.adsabs.harvard.edu/abs/2018PhRvD..97j3001K},
      adsnote = {Provided by the SAO/NASA Astrophysics Data System}
}

@ARTICLE{Lamberts+2018,
       author = {{Lamberts}, A. and {Garrison-Kimmel}, S. and {Hopkins}, P.~F. and {Quataert}, E. and {Bullock}, J.~S. and {Faucher-Gigu{\`e}re}, C. -A. and {Wetzel}, A. and {Kere{\v{s}}}, D. and {Drango}, K. and {Sanderson}, R.~E.},
        title = "{Predicting the binary black hole population of the Milky Way with cosmological simulations}",
      journal = {\mnras},
     keywords = {gravitational waves, binaries: close, stars: black holes, Galaxy: abundances, Galaxy: stellar content, Astrophysics - Astrophysics of Galaxies},
         year = 2018,
        month = oct,
       volume = {480},
       number = {2},
        pages = {2704-2718},
          doi = {10.1093/mnras/sty2035},
archivePrefix = {arXiv},
       eprint = {1801.03099},
 primaryClass = {astro-ph.GA},
       adsurl = {https://ui.adsabs.harvard.edu/abs/2018MNRAS.480.2704L},
      adsnote = {Provided by the SAO/NASA Astrophysics Data System}
}

@ARTICLE{Lamberts+2019,
       author = {{Lamberts}, Astrid and {Blunt}, Sarah and {Littenberg}, Tyson B. and {Garrison-Kimmel}, Shea and {Kupfer}, Thomas and {Sanderson}, Robyn E.},
        title = "{Predicting the LISA white dwarf binary population in the Milky Way with cosmological simulations}",
      journal = {\mnras},
     keywords = {gravitational waves, binaries: close, white dwarfs, Galaxy: stellar content, Astrophysics - High Energy Astrophysical Phenomena, General Relativity and Quantum Cosmology},
         year = 2019,
        month = dec,
       volume = {490},
       number = {4},
        pages = {5888-5903},
          doi = {10.1093/mnras/stz2834},
archivePrefix = {arXiv},
       eprint = {1907.00014},
 primaryClass = {astro-ph.HE},
       adsurl = {https://ui.adsabs.harvard.edu/abs/2019MNRAS.490.5888L},
      adsnote = {Provided by the SAO/NASA Astrophysics Data System}
}

@ARTICLE{Korol+2017,
       author = {{Korol}, Valeriya and {Rossi}, Elena M. and {Groot}, Paul J. and {Nelemans}, Gijs and {Toonen}, Silvia and {Brown}, Anthony G.~A.},
        title = "{Prospects for detection of detached double white dwarf binaries with Gaia, LSST and LISA}",
      journal = {\mnras},
     keywords = {gravitational waves, binaries: close, binaries: eclipsing - white dwarfs, Astrophysics - High Energy Astrophysical Phenomena},
         year = 2017,
        month = sep,
       volume = {470},
       number = {2},
        pages = {1894-1910},
          doi = {10.1093/mnras/stx1285},
archivePrefix = {arXiv},
       eprint = {1703.02555},
 primaryClass = {astro-ph.HE},
       adsurl = {https://ui.adsabs.harvard.edu/abs/2017MNRAS.470.1894K},
      adsnote = {Provided by the SAO/NASA Astrophysics Data System}
}

%% software
@ARTICLE{matplotlib,
       author = {{Hunter}, John D.},
        title = "{Matplotlib: A 2D Graphics Environment}",
      journal = {Computing in Science and Engineering},
     keywords = {Python, Scripting languages, Application development, Scientific programming},
         year = 2007,
        month = may,
       volume = {9},
       number = {3},
        pages = {90-95},
          doi = {10.1109/MCSE.2007.55},
       adsurl = {https://ui.adsabs.harvard.edu/abs/2007CSE.....9...90H},
      adsnote = {Provided by the SAO/NASA Astrophysics Data System}
}

@ARTICLE{numpy,
       author = {{van der Walt}, St{\'e}fan and {Colbert}, S. Chris and {Varoquaux}, Ga{\"e}l},
        title = "{The NumPy Array: A Structure for Efficient Numerical Computation}",
      journal = {Computing in Science and Engineering},
     keywords = {Computer Science - Mathematical Software},
         year = 2011,
        month = mar,
       volume = {13},
       number = {2},
        pages = {22-30},
          doi = {10.1109/MCSE.2011.37},
archivePrefix = {arXiv},
       eprint = {1102.1523},
 primaryClass = {cs.MS},
       adsurl = {https://ui.adsabs.harvard.edu/abs/2011CSE....13b..22V},
      adsnote = {Provided by the SAO/NASA Astrophysics Data System}
}

% LISA eccentricity limit
@ARTICLE{Nishizawa+2016,
       author = {{Nishizawa}, Atsushi and {Berti}, Emanuele and {Klein}, Antoine and {Sesana}, Alberto},
        title = "{eLISA eccentricity measurements as tracers of binary black hole formation}",
      journal = {\prd},
     keywords = {General Relativity and Quantum Cosmology, Astrophysics - High Energy Astrophysical Phenomena},
         year = 2016,
        month = sep,
       volume = {94},
       number = {6},
          eid = {064020},
        pages = {064020},
          doi = {10.1103/PhysRevD.94.064020},
archivePrefix = {arXiv},
       eprint = {1605.01341},
 primaryClass = {gr-qc},
       adsurl = {https://ui.adsabs.harvard.edu/abs/2016PhRvD..94f4020N},
      adsnote = {Provided by the SAO/NASA Astrophysics Data System}
}

@ARTICLE{Kalogera+1996_maxNS,
       author = {{Kalogera}, Vassiliki and {Baym}, Gordon},
        title = "{The Maximum Mass of a Neutron Star}",
      journal = {\apjl},
     keywords = {DENSE MATTER, STARS: NEUTRON, Astrophysics},
         year = 1996,
        month = oct,
       volume = {470},
        pages = {L61},
          doi = {10.1086/310296},
archivePrefix = {arXiv},
       eprint = {astro-ph/9608059},
 primaryClass = {astro-ph},
       adsurl = {https://ui.adsabs.harvard.edu/abs/1996ApJ...470L..61K},
      adsnote = {Provided by the SAO/NASA Astrophysics Data System}
}

@ARTICLE{Bertelli+1994,
       author = {{Bertelli}, G. and {Bressan}, A. and {Chiosi}, C. and {Fagotto}, F. and
         {Nasi}, E.},
        title = "{Theoretical isochrones from models with new radiative opacities.}",
      journal = {\aaps},
     keywords = {STARS: EVOLUTION, INTERIORS, FUNDAMENTAL PARAMETERS, HR DIAGRAM},
         year = 1994,
        month = aug,
       volume = {106},
        pages = {275-302},
       adsurl = {https://ui.adsabs.harvard.edu/abs/1994A&AS..106..275B},
      adsnote = {Provided by the SAO/NASA Astrophysics Data System}
}